@inbook{RadMobHndBk,
    author = {Ian D. Brown},
    title = {Radio Mobile Handbook: An illustrated handbook},
    publisher = {},
    year = {},
    chapter = {},
}

@misc{DDNWiki,
  title = {Dehradun, India},
  howpublished = {\url{https://en.wikipedia.org/wiki/Dehradun#}},
  note = {Accessed: 2010-09-30},
}

@book{levis2010radiowave,
  title={Radiowave Propagation: Physics and Applications},
  author={Levis, C. and Johnson, J.T. and Teixeira, F.L.},
  isbn={9780470542958},
  lccn={2009045884},
  url={https://books.google.it/books?id=gFYzVgysuooC},
  year={2010},
  publisher={Wiley}
}

@Manual{MotorolaSLR5500,
  title        = {MOTOTRBO™ SLR 5500 TWO-WAY RADIO REPEATER},
  year         = {2020},
  number       = {SLR 5500},
  organization = {Motorola Solutions},
  url          ={https://www.motorolasolutions.com/content/dam/msi/docs/EA_Collaterals/ENGLISH/MOTOTRBO/Repeaters/SLR5500_datasheet_ENG.pdf},
}

@Manual{MotorolaDME4000E,
  title        = {MOTOTRBO™ DM4000E DIGITAL MOBILE (DMR) TWO-WAY RADIO SERIES},
  year         = {2020},
  number       = {DM 4000 E},
  organization = {Motorola Solutions},
  url          ={https://www.motorolasolutions.com/content/dam/msi/docs/EA_Collaterals/ENGLISH/MOTOTRBO/Mobiles/dm4000e_datasheet_eng.pdf},
}

@Manual{THP03275S,
  title        = {Antenna THP 03 275 S},
  year         = {2015},
  number       = {THP 03275S},
  organization = {Faini Telecommunication Systems Srl},
  url          ={https://fainitelecommunication.com/pdf2.php?id=75},
}

@Manual{PTP820S,
  title        = {PTP 820S Licensed Microwave Radio},
  year         = {2021},
  number       = {PTP 820S},
  organization = {Cambium Networks, Ltd},
  url          ={https://brandcentral.cambiumnetworks.com/m/772c4e508d21a3e3/original/Cambium_Networks_data_sheet_PTP_820S.pdf},
}

@Manual{BAN034R,
  title        = {Antenna PRM VHF Omnidirectional Collinear with Reflector V Polarized},
  year         = {2024},
  number       = {BAN034R},
  organization = {BELCO Srl},
  url          ={http://www.belcoproducts.com/prodotti/wp-content/uploads/BAN034R.pdf},
}

@Manual{CoaxRG58,
  title        = {RG58, 50 Ohm, 1 GHz, 85°C, ø4.95 mm, PVC jacket},
  year         = {2024},
  number       = {RG  58 C/U},
  organization = {Huber+Suhner},
  url          ={https://www.hubersuhner.com/en/pdf-viewer?pdf_url=https://xp-frontend-prod-dkfaangrapdfhhg3.z01.azurefd.net/api/asset/eyJjbGllbnRJZCI6bnVsbCwiaWQiOjExNjQxNSwidGltZXN0YW1wIjoxNzA5MjMzMTcxLCJ2ZXJzaW9uIjoxNzA5MTQ4MDk2fQ:huber-suhnerag:TjciN9sA-x7ZrKD5LsADo5ggaKMIN0oCnd90QWleelA/download},
}